@book{vanderplas2016python,
  title={Python data science handbook: essential tools for working with data},
  author={VanderPlas, Jake},
  year={2016},
  publisher={" O'Reilly Media, Inc."}
}

@book{mckinney_2017_python,
  title={Python for Data Analysis: Data Wrangling with Pandas, NumPy, and IPython (2nd Edition)},
  author={McKinney, Wes},
  year={2017},
  publisher={" O'Reilly Media, Inc."}
}

@book{grus_2015_data,
  title={Data science from scratch: first principles with python},
  author={Grus, Joel},
  year={2015},
  publisher={" O'Reilly Media, Inc."}
}

@book{briggs_2013_python,
  title={Python for kids: A playful introduction to programming},
  author={Briggs, Jason R},
  year={2013},
  publisher={no starch press}
}

@misc{navaro_python,
  title = {Python Notebooks},
  author={Navaro, Pierre},
  howpublished = {\url{https://github.com/pnavaro/python-notebooks}},
  year = {2018},
  note = {Accessed: 2018-10-04}
}

